%%%%%%%%%%%%%%%%%%%%%%%%%%%%%%%%%%%%%%%%%%%%%%%%%%%%%%%%%%%%%%%%%%%%%%%%%%%%%%%%%%%%%%%
%%%%%                        Conference Proceedings                               %%%%%
%%%%%%%%%%%%%%%%%%%%%%%%%%%%%%%%%%%%%%%%%%%%%%%%%%%%%%%%%%%%%%%%%%%%%%%%%%%%%%%%%%%%%%%
@inproceedings{Schwartz_2013_optical,
  title={Optical Mapping and Nanocoding Systems Potentiate Genome Assembly and Discover Structural Variants},
  author={Schwartz, David C},
  booktitle={Plant and Animal Genome XXI Conference},
  year={2013},
  organization={Plant and Animal Genome}
}

%%%%%%%%%%%%%%%%%%%%%%%%%%%%%%%%%%%%%%%%%%%%%%%%%%%%%%%%%%%%%%%%%%%%%%%%%%%%%%%%%%%%%%%
%%%%%                                    BOOKS                                    %%%%%
%%%%%%%%%%%%%%%%%%%%%%%%%%%%%%%%%%%%%%%%%%%%%%%%%%%%%%%%%%%%%%%%%%%%%%%%%%%%%%%%%%%%%%%
@book{ab94,
       author = {Charalambos D. Aliprantis and Kim C. Border},
       year = {1994},
       title = {Infinite Dimensional Analysis},
       publisher = {Springer},
       address = {Berlin}
     }
%%%%%%%%%%%%%%%%%%%%%%%%%%%%%%%%%%%%%%%%%%%%%%%%%%%%%%%%%%%%%%%%%%%%%%%%%%%%%%%%%%%%%%%
@book{Durbin_1998_biological,
  title={Biological sequence analysis: probabilistic models of proteins and nucleic acids},
  author={Durbin, Richard},
  year={1998},
  publisher={Cambridge university press}
}
%%%%%%%%%%%%%%%%%%%%%%%%%%%%%%%%%%%%%%%%%%%%%%%%%%%%%%%%%%%%%%%%%%%%%%%%%%%%%%%%%%%%%%%
@book{Hastie_etal_2009_Elements,
  title={The elements of statistical learning},
  author={Hastie, Trevor and Tibshirani, Robert and Friedman, Jerome and Hastie, T and Friedman, J and Tibshirani, R},
  volume={2},
  number={1},
  year={2009},
  publisher={Springer}
}
%%%%%%%%%%%%%%%%%%%%%%%%%%%%%%%%%%%%%%%%%%%%%%%%%%%%%%%%%%%%%%%%%%%%%%%%%%%%%%%%%%%%%%%
@book{Manning_etal_2008_Information,
  title={Introduction to information retrieval},
  author={Manning, Christopher D and Raghavan, Prabhakar and Sch{\"u}tze, Hinrich},
  volume={1},
  year={2008},
  publisher={Cambridge university press Cambridge}
}
%%%%%%%%%%%%%%%%%%%%%%%%%%%%%%%%%%%%%%%%%%%%%%%%%%%%%%%%%%%%%%%%%%%%%%%%%%%%%%%%%%%%%%%
@book{Ramsay_Silverman_2002_Applied,
  title={Applied functional data analysis: methods and case studies},
  author={Ramsay, James O and Silverman, Bernard W},
  volume={77},
  year={2002},
  publisher={Springer}
}
%%%%%%%%%%%%%%%%%%%%%%%%%%%%%%%%%%%%%%%%%%%%%%%%%%%%%%%%%%%%%%%%%%%%%%%%%%%%%%%%%%%%%%%
@book{Ramsay_2006_Functional,
  title={Functional data analysis},
  author={Ramsay, James O},
  year={2006},
  publisher={Wiley Online Library}
}
%%%%%%%%%%%%%%%%%%%%%%%%%%%%%%%%%%%%%%%%%%%%%%%%%%%%%%%%%%%%%%%%%%%%%%%%%%%%%%%%%%%%%%%
@book{Wahba_1990_Spline,
  title={Spline models for observational data},
  author={Wahba, Grace},
  volume={59},
  year={1990},
  publisher={Siam}
}
%%%%%%%%%%%%%%%%%%%%%%%%%%%%%%%%%%%%%%%%%%%%%%%%%%%%%%%%%%%%%%%%%%%%%%%%%%%%%%%%%%%%%%%

@incollection{m85,
       author={Maskin, Eric S.},
       year={1985},
       title={The theory of implementation in {N}ash equilibrium: a survey},
       booktitle={Social Goals and Social Organization},
       editor={Leonid Hurwicz and David Schmeidler and Hugo Sonnenschein},
       pages={173-204},
       publisher={Cambridge University Press},
       addess={Cambridge}
     }

%%%%%%%%%%%%%%%%%%%%%%%%%%%%%%%%%%%%%%%%%%%%%%%%%%%%%%%%%%%%%%%%%%%%%%%%%%%%%%%%%%%%%%%
%%%%%                                 ARTICLES                                    %%%%%
%%%%%%%%%%%%%%%%%%%%%%%%%%%%%%%%%%%%%%%%%%%%%%%%%%%%%%%%%%%%%%%%%%%%%%%%%%%%%%%%%%%%%%%
@article{10002010map,
  title={A map of human genome variation from population-scale sequencing},
  author={1000 Genomes Project Consortium and others},
  journal={Nature},
  volume={467},
  number={7319},
  pages={1061--1073},
  year={2010},
  publisher={Nature Publishing Group}

}
%%%%%%%%%%%%%%%%%%%%%%%%%%%%%%%%%%%%%%%%%%%%%%%%%%%%%%%%%%%%%%%%%%%%%%%%%%%%%%%%%%%%%%%
@article{Alonso_etal_2012_CSDA,
  title={Supervised classification for functional data: A weighted distance approach},
  author={Alonso, Andr{\'e}s M and Casado, David and Romo, Juan},
  journal={Computational Statistics \& Data Analysis},
  volume={56},
  number={7},
  pages={2334--2346},
  year={2012},
  publisher={Elsevier}
}
%%%%%%%%%%%%%%%%%%%%%%%%%%%%%%%%%%%%%%%%%%%%%%%%%%%%%%%%%%%%%%%%%%%%%%%%%%%%%%%%%%%%%%%
@article{Anantharaman_etal_1997_JCB,
  title={Genomics via optical mapping ii: Ordered restriction maps},
  author={Anantharaman, Thomas S and Mishra, Bud and Schwartz, David C},
  journal={Journal of Computational Biology},
  volume={4},
  number={2},
  pages={91--118},
  year={1997}
}
%%%%%%%%%%%%%%%%%%%%%%%%%%%%%%%%%%%%%%%%%%%%%%%%%%%%%%%%%%%%%%%%%%%%%%%%%%%%%%%%%%%%%%%
@article{Bittner_etal_2000_Nature,
  title={Molecular classification of cutaneous malignant melanoma by gene expression profiling},
  author={Bittner, Meltzer and Meltzer, P and Chen, Y and Jiang, Y and Seftor, E and Hendrix, M and Radmacher, M and Simon, Rm and Yakhini, Z and Ben-Dor, A and others},
  journal={Nature},
  volume={406},
  number={6795},
  pages={536--540},
  year={2000},
  publisher={Nature Publishing Group}
}
%%%%%%%%%%%%%%%%%%%%%%%%%%%%%%%%%%%%%%%%%%%%%%%%%%%%%%%%%%%%%%%%%%%%%%%%%%%%%%%%%%%%%%%
@article{Brumback_Rice_1998_JASA,
  title={Smoothing spline models for the analysis of nested and crossed samples of curves},
  author={Brumback, Babette A and Rice, John A},
  journal={Journal of the American Statistical Association},
  volume={93},
  number={443},
  pages={961--976},
  year={1998},
  publisher={Taylor \& Francis Group}
}
%%%%%%%%%%%%%%%%%%%%%%%%%%%%%%%%%%%%%%%%%%%%%%%%%%%%%%%%%%%%%%%%%%%%%%%%%%%%%%%%%%%%%%%
@article{Casado_2010_PhDThesis,
  title={Classification techniques for time series and functional data},
  author={Casado de Lucas, David},
  year={2010}
}
%%%%%%%%%%%%%%%%%%%%%%%%%%%%%%%%%%%%%%%%%%%%%%%%%%%%%%%%%%%%%%%%%%%%%%%%%%%%%%%%%%%%%%%
@article{Craven_Wahba_1978_NumMath,
  title={Smoothing noisy data with spline functions},
  author={Craven, Peter and Wahba, Grace},
  journal={Numerische Mathematik},
  volume={31},
  number={4},
  pages={377--403},
  year={1978},
  publisher={Springer}
}
%%%%%%%%%%%%%%%%%%%%%%%%%%%%%%%%%%%%%%%%%%%%%%%%%%%%%%%%%%%%%%%%%%%%%%%%%%%%%%%%%%%%%%%
@article{Delaigle_Hall_2012_JRSSB,
  title={Achieving near perfect classification for functional data},
  author={Delaigle, Aurore and Hall, Peter},
  journal={Journal of the Royal Statistical Society: Series B (Statistical Methodology)},
  volume={74},
  number={2},
  pages={267--286},
  year={2012},
  publisher={Wiley Online Library}
}
%%%%%%%%%%%%%%%%%%%%%%%%%%%%%%%%%%%%%%%%%%%%%%%%%%%%%%%%%%%%%%%%%%%%%%%%%%%%%%%%%%%%%%%
@article{Fan_etal_1998_JASA,
  title={Test of significance when data are curves},
  author={Fan, Jianqing and Lin, Sheng-Kuei},
  journal={Journal of the American Statistical Association},
  volume={93},
  number={443},
  pages={1007--1021},
  year={1998},
  publisher={Taylor \& Francis Group}
}
%%%%%%%%%%%%%%%%%%%%%%%%%%%%%%%%%%%%%%%%%%%%%%%%%%%%%%%%%%%%%%%%%%%%%%%%%%%%%%%%%%%%%%%
@article{Fowlkes_Mallows_1983_JASA,
  title={A method for comparing two hierarchical clusterings},
  author={Fowlkes, Edward B and Mallows, Colin L},
  journal={Journal of the American statistical association},
  volume={78},
  number={383},
  pages={553--569},
  year={1983},
  publisher={Taylor \& Francis Group}
}
%%%%%%%%%%%%%%%%%%%%%%%%%%%%%%%%%%%%%%%%%%%%%%%%%%%%%%%%%%%%%%%%%%%%%%%%%%%%%%%%%%%%%%%
@article{Fraley_etal_2002_JASA,
  title={Model-based clustering, discriminant analysis, and density estimation},
  author={Fraley, Chris and Raftery, Adrian E},
  journal={Journal of the American Statistical Association},
  volume={97},
  number={458},
  pages={611--631},
  year={2002},
  publisher={Taylor \& Francis}
}
%%%%%%%%%%%%%%%%%%%%%%%%%%%%%%%%%%%%%%%%%%%%%%%%%%%%%%%%%%%%%%%%%%%%%%%%%%%%%%%%%%%%%%%
@article{Gasser_Kneip_1995_JASA,
  title={Searching for structure in curve samples},
  author={Gasser, Theo and Kneip, Alois},
  journal={Journal of the American Statistical Association},
  volume={90},
  number={432},
  pages={1179--1188},
  year={1995},
  publisher={Taylor \& Francis}
}
%%%%%%%%%%%%%%%%%%%%%%%%%%%%%%%%%%%%%%%%%%%%%%%%%%%%%%%%%%%%%%%%%%%%%%%%%%%%%%%%%%%%%%%
@article{Hall_etal_2007_StatSinica,
  title={Two-sample tests in functional data analysis starting from discrete data},
  author={Hall, Peter and Van Keilegom, Ingrid},
  journal={Statistica Sinica},
  volume={17},
  number={4},
  pages={1511},
  year={2007}
}
%%%%%%%%%%%%%%%%%%%%%%%%%%%%%%%%%%%%%%%%%%%%%%%%%%%%%%%%%%%%%%%%%%%%%%%%%%%%%%%%%%%%%%%
@article{Hastie_etal_2013_PLOS1,
  title={Rapid genome mapping in nanochannel arrays for highly complete and accurate de novo sequence assembly of the complex Aegilops tauschii genome},
  author={Hastie, Alex R and Dong, Lingli and Smith, Alexis and Finklestein, Jeff and Lam, Ernest T and Huo, Naxin and Cao, Han and Kwok, Pui-Yan and Deal, Karin R and Dvorak, Jan and others},
  journal={PloS one},
  volume={8},
  number={2},
  pages={e55864},
  year={2013},
  publisher={Public Library of Science}
}
%%%%%%%%%%%%%%%%%%%%%%%%%%%%%%%%%%%%%%%%%%%%%%%%%%%%%%%%%%%%%%%%%%%%%%%%%%%%%%%%%%%%%%%
@article{Hurles_etal_2008_TrendsInGenetics,
  title={The functional impact of structural variation in humans},
  author={Hurles, Matthew E and Dermitzakis, Emmanouil T and Tyler-Smith, Chris},
  journal={Trends in Genetics},
  volume={24},
  number={5},
  pages={238--245},
  year={2008},
  publisher={Elsevier}
}
%%%%%%%%%%%%%%%%%%%%%%%%%%%%%%%%%%%%%%%%%%%%%%%%%%%%%%%%%%%%%%%%%%%%%%%%%%%%%%%%%%%%%%%
@article{Jacques_Preda_2013_ADAC,
  title={Functional data clustering: a survey},
  author={Jacques, Julien and Preda, Cristian},
  journal={Advances in Data Analysis and Classification},
  pages={1--25},
  year={2013},
  publisher={Springer}
}
%%%%%%%%%%%%%%%%%%%%%%%%%%%%%%%%%%%%%%%%%%%%%%%%%%%%%%%%%%%%%%%%%%%%%%%%%%%%%%%%%%%%%%%
@article{Jo_etal_2007_PNAS,
  title={A single-molecule barcoding system using nanoslits for DNA analysis},
  author={Jo, Kyubong and Dhingra, Dalia M and Odijk, Theo and de Pablo, Juan J and Graham, Michael D and Runnheim, Rod and Forrest, Dan and Schwartz, David C},
  journal={Proceedings of the National Academy of Sciences},
  volume={104},
  number={8},
  pages={2673--2678},
  year={2007},
  publisher={National Acad Sciences}
}
%%%%%%%%%%%%%%%%%%%%%%%%%%%%%%%%%%%%%%%%%%%%%%%%%%%%%%%%%%%%%%%%%%%%%%%%%%%%%%%%%%%%%%%
@article{Kim_etal_2011_LabOnAChip,
  title={Nanochannel confinement: DNA stretch approaching full contour length},
  author={Kim, Yoori and Kim, Ki Seok and Kounovsky, Kristy L and Chang, Rakwoo and Jung, Gun Young and Jo, Kyubong and Schwartz, David C and others},
  journal={Lab on a Chip},
  volume={11},
  number={10},
  pages={1721--1729},
  year={2011},
  publisher={Royal Society of Chemistry}
}
%%%%%%%%%%%%%%%%%%%%%%%%%%%%%%%%%%%%%%%%%%%%%%%%%%%%%%%%%%%%%%%%%%%%%%%%%%%%%%%%%%%%%%%
@article{Kneip_Ramsay_2008_JASA, 
  title={Combining registration and fitting for functional models},
  author={Kneip, Alois and Ramsay, James O},
  journal={Journal of the American Statistical Association},
  volume={103},
  number={483},
  pages={1155--1165},
  year={2008},
  publisher={Taylor \& Francis}
}
%%%%%%%%%%%%%%%%%%%%%%%%%%%%%%%%%%%%%%%%%%%%%%%%%%%%%%%%%%%%%%%%%%%%%%%%%%%%%%%%%%%%%%%
@article{Lebofsky_etal_2003_BFGP,
  title={Single DNA molecule analysis: applications of molecular combing},
  author={Lebofsky, Ronald and Bensimon, Aaron},
  journal={Briefings in functional genomics \& proteomics},
  volume={1},
  number={4},
  pages={385--396},
  year={2003},
  publisher={Oxford University Press}
}
%%%%%%%%%%%%%%%%%%%%%%%%%%%%%%%%%%%%%%%%%%%%%%%%%%%%%%%%%%%%%%%%%%%%%%%%%%%%%%%%%%%%%%%
@article{Liu_etal_2004_JASA, 
author = {Liu, Xueli and M\"uller, Hans-Georg},
title = {Functional Convex Averaging and Synchronization for Time-Warped Random Curves},
journal = {Journal of the American Statistical Association},
volume = {99},
number = {467},
pages = {687-699},
year = {2004},
doi = {10.1198/016214504000000999},
URL = {http://dx.doi.org/10.1198/016214504000000999},
eprint = {http://dx.doi.org/10.1198/016214504000000999}
}
%%%%%%%%%%%%%%%%%%%%%%%%%%%%%%%%%%%%%%%%%%%%%%%%%%%%%%%%%%%%%%%%%%%%%%%%%%%%%%%%%%%%%%%
@article{Melnykov_Melynkov_2014_SPL,
  title = "On -means algorithm with the use of Mahalanobis distances ",
  journal = "Statistics \& Probability Letters ",
  volume = "84",
  number = "0",
  pages = "88 - 95",
  year = "2014",
  note = "",
  issn = "0167-7152",
  doi = "http://dx.doi.org/10.1016/j.spl.2013.09.026",
  url = "http://www.sciencedirect.com/science/article/pii/S0167715213003246",
  author = "Igor Melnykov and Volodymyr Melnykov",
  keywords = "K -means algorithm",
  keywords = "Mahalanobis distance",
  keywords = "Initialization "
}
%%%%%%%%%%%%%%%%%%%%%%%%%%%%%%%%%%%%%%%%%%%%%%%%%%%%%%%%%%%%%%%%%%%%%%%%%%%%%%%%%%%%%%%
@article{Marie_etal_2013_PNAS,
  title={Integrated view of genome structure and sequence of a single DNA molecule in a nanofluidic device},
  author={Marie, Rodolphe and Pedersen, Jonas N and Bauer, David LV and Rasmussen, Kristian H and Yusuf, Mohammed and Volpi, Emanuela and Flyvbjerg, Henrik and Kristensen, Anders and Mir, Kalim U},
  journal={Proceedings of the National Academy of Sciences},
  volume={110},
  number={13},
  pages={4893--4898},
  year={2013},
  publisher={National Acad Sciences}
}
%%%%%%%%%%%%%%%%%%%%%%%%%%%%%%%%%%%%%%%%%%%%%%%%%%%%%%%%%%%%%%%%%%%%%%%%%%%%%%%%%%%%%%%
@article{Muller_1987_JASA,
  title={Weighted local regression and kernel methods for nonparametric curve fitting},
  author={M{\"u}ller, Hans-Georg},
  journal={Journal of the American Statistical Association},
  volume={82},
  number={397},
  pages={231--238},
  year={1987},
  publisher={Taylor \& Francis}
}
%%%%%%%%%%%%%%%%%%%%%%%%%%%%%%%%%%%%%%%%%%%%%%%%%%%%%%%%%%%%%%%%%%%%%%%%%%%%%%%%%%%%%%%
@article{Muller_2005_ScandJoS,
  title={Functional Modelling and Classification of Longitudinal Data*},
  author={M{\"u}ller, Hans-Georg},
  journal={Scandinavian Journal of Statistics},
  volume={32},
  number={2},
  pages={223--240},
  year={2005},
  publisher={Wiley Online Library}
}
%%%%%%%%%%%%%%%%%%%%%%%%%%%%%%%%%%%%%%%%%%%%%%%%%%%%%%%%%%%%%%%%%%%%%%%%%%%%%%%%%%%%%%%
@article{Nyberg_etal_2012_BBRC,
  title={A single-step competitive binding assay for mapping of single DNA molecules},
  author={Nyberg, Lena K and Persson, Fredrik and Berg, Johan and Bergstr{\"o}m, Johanna and Fransson, Emelie and Olsson, Linnea and Persson, Moa and St{\aa}lnacke, Antti and Wigenius, Jens and Tegenfeldt, Jonas O and others},
  journal={Biochemical and biophysical research communications},
  volume={417},
  number={1},
  pages={404--408},
  year={2012},
  publisher={Elsevier}
}
%%%%%%%%%%%%%%%%%%%%%%%%%%%%%%%%%%%%%%%%%%%%%%%%%%%%%%%%%%%%%%%%%%%%%%%%%%%%%%%%%%%%%%%
@article{Persson_etal_2010_ChemSocRev,
  title={DNA in nanochannels—directly visualizing genomic information},
  author={Persson, Fredrik and Tegenfeldt, Jonas O},
  journal={Chemical Society Reviews},
  volume={39},
  number={3},
  pages={985--999},
  year={2010},
  publisher={Royal Society of Chemistry}
}
%%%%%%%%%%%%%%%%%%%%%%%%%%%%%%%%%%%%%%%%%%%%%%%%%%%%%%%%%%%%%%%%%%%%%%%%%%%%%%%%%%%%%%%
@article{Ramsay_Li_1998_JRSSB,
  title={Curve registration},
  author={Ramsay, James O and Li, Xiaochun},
  journal={Journal of the Royal Statistical Society: Series B (Statistical Methodology)},
  volume={60},
  number={2},
  pages={351--363},
  year={1998},
  publisher={Wiley Online Library}
}
%%%%%%%%%%%%%%%%%%%%%%%%%%%%%%%%%%%%%%%%%%%%%%%%%%%%%%%%%%%%%%%%%%%%%%%%%%%%%%%%%%%%%%%
@article{Reisner_etal_2010_PNAS,
  title={Single-molecule denaturation mapping of DNA in nanofluidic channels},
  author={Reisner, Walter and Larsen, Niels B and Silahtaroglu, Asli and Kristensen, Anders and Tommerup, Niels and Tegenfeldt, Jonas O and Flyvbjerg, Henrik},
  journal={Proceedings of the National Academy of Sciences},
  volume={107},
  number={30},
  pages={13294--13299},
  year={2010},
  publisher={National Acad Sciences}
}
%%%%%%%%%%%%%%%%%%%%%%%%%%%%%%%%%%%%%%%%%%%%%%%%%%%%%%%%%%%%%%%%%%%%%%%%%%%%%%%%%%%%%%%
@article{Rossi_Villa_2006_Neurocomputing,
  title={Support vector machine for functional data classification},
  author={Rossi, Fabrice and Villa, Nathalie},
  journal={Neurocomputing},
  volume={69},
  number={7},
  pages={730--742},
  year={2006},
  publisher={Elsevier}
}
%%%%%%%%%%%%%%%%%%%%%%%%%%%%%%%%%%%%%%%%%%%%%%%%%%%%%%%%%%%%%%%%%%%%%%%%%%%%%%%%%%%%%%%
@article{Rothman_etal_2009_JASA,
  title={Generalized thresholding of large covariance matrices},
  author={Rothman, Adam J and Levina, Elizaveta and Zhu, Ji},
  journal={Journal of the American Statistical Association},
  volume={104},
  number={485},
  pages={177--186},
  year={2009},
  publisher={Taylor \& Francis}
}
%%%%%%%%%%%%%%%%%%%%%%%%%%%%%%%%%%%%%%%%%%%%%%%%%%%%%%%%%%%%%%%%%%%%%%%%%%%%%%%%%%%%%%%
@article{Rousseeuw_1987_JCAM,
  title={Silhouettes: a graphical aid to the interpretation and validation of cluster analysis},
  author={Rousseeuw, Peter J},
  journal={Journal of computational and applied mathematics},
  volume={20},
  pages={53--65},
  year={1987},
  publisher={Elsevier}
}
%%%%%%%%%%%%%%%%%%%%%%%%%%%%%%%%%%%%%%%%%%%%%%%%%%%%%%%%%%%%%%%%%%%%%%%%%%%%%%%%%%%%%%%
@article{Samad_etal_1995_GenomeResearch,
  title={Optical mapping: a novel, single-molecule approach to genomic analysis.},
  author={Samad, Akhtar and Huff, EF and Cai, Weiwen and Schwartz, David C},
  journal={Genome research},
  volume={5},
  number={1},
  pages={1--4},
  year={1995},
  publisher={Cold Spring Harbor Lab}
}
%%%%%%%%%%%%%%%%%%%%%%%%%%%%%%%%%%%%%%%%%%%%%%%%%%%%%%%%%%%%%%%%%%%%%%%%%%%%%%%%%%%%%%%
@article{Sangalli_etal_2009_JASA,
  title={A case study in exploratory functional data analysis: geometrical features of the internal carotid artery},
  author={Sangalli, Laura M and Secchi, Piercesare and Vantini, Simone and Veneziani, Alessandro},
  journal={Journal of the American Statistical Association},
  volume={104},
  number={485},
  year={2009}
}
%%%%%%%%%%%%%%%%%%%%%%%%%%%%%%%%%%%%%%%%%%%%%%%%%%%%%%%%%%%%%%%%%%%%%%%%%%%%%%%%%%%%%%%
@article{Sangalli_etal_2010_CSDA,
  title={K-mean alignment for curve clustering},
  author={Sangalli, Laura M and Secchi, Piercesare and Vantini, Simone and Vitelli, Valeria},
  journal={Computational Statistics \& Data Analysis},
  volume={54},
  number={5},
  pages={1219--1233},
  year={2010},
  publisher={Elsevier}
}
%%%%%%%%%%%%%%%%%%%%%%%%%%%%%%%%%%%%%%%%%%%%%%%%%%%%%%%%%%%%%%%%%%%%%%%%%%%%%%%%%%%%%%%
@article{Sangalli_etal_2014_EJS,
  title={Analysis of AneuRisk65 data: $ k $-mean alignment},
  author={Sangalli, Laura M and Secchi, Piercesare and Vantini, Simone and others},
  journal={Electronic Journal of Statistics},
  volume={8},
  number={2},
  pages={1891--1904},
  year={2014},
  publisher={Institute of Mathematical Statistics}
}
%%%%%%%%%%%%%%%%%%%%%%%%%%%%%%%%%%%%%%%%%%%%%%%%%%%%%%%%%%%%%%%%%%%%%%%%%%%%%%%%%%%%%%%
@phdthesis{Sarkar_2006_PhDThesis,
  title={On the analysis of optical mapping data},
  author={Sarkar, Deepayan},
  year={2006},
  school={UNIVERSITY OF WISCONSIN--MADISON}
}
%%%%%%%%%%%%%%%%%%%%%%%%%%%%%%%%%%%%%%%%%%%%%%%%%%%%%%%%%%%%%%%%%%%%%%%%%%%%%%%%%%%%%%%
@article{Sarkar_etal_2012_JCB,
  title={Statistical significance of optical map alignments},
  author={Sarkar, Deepayan and Goldstein, Steve and Schwartz, David C and Newton, Michael A},
  journal={Journal of Computational Biology},
  volume={19},
  number={5},
  pages={478--492},
  year={2012},
  publisher={Mary Ann Liebert, Inc. 140 Huguenot Street, 3rd Floor New Rochelle, NY 10801 USA}
}
%%%%%%%%%%%%%%%%%%%%%%%%%%%%%%%%%%%%%%%%%%%%%%%%%%%%%%%%%%%%%%%%%%%%%%%%%%%%%%%%%%%%%%%
@article{Schwartz_etal_1993_Science,
  title={Ordered restriction maps of Saccharomyces cerevisiae chromosomes constructed by optical mapping},
  author={Schwartz, David C and Li, Xiaojun and Hernandez, Luis I and Ramnarain, Satyadarshan P and Huff, Edward J and Wang, Yu-Ker},
  journal={Science},
  volume={262},
  number={5130},
  pages={110--114},
  year={1993},
  publisher={American Association for the Advancement of Science}
}
%%%%%%%%%%%%%%%%%%%%%%%%%%%%%%%%%%%%%%%%%%%%%%%%%%%%%%%%%%%%%%%%%%%%%%%%%%%%%%%%%%%%%%%
@article{Scrucca_Raftery_2014_UWTechReport,
  title={clustvarsel: A Package Implementing Variable Selection for Model-based Clustering in R},
  author={Scrucca, Luca and Raftery, Adrian E},
  year={2014}
}
%%%%%%%%%%%%%%%%%%%%%%%%%%%%%%%%%%%%%%%%%%%%%%%%%%%%%%%%%%%%%%%%%%%%%%%%%%%%%%%%%%%%%%%
@article{Sengupta_etal_2006_CanRes,
  title={Genome-wide expression profiling reveals EBV-associated inhibition of MHC class I expression in nasopharyngeal carcinoma},
  author={Sengupta, Srikumar and Den Boon, Johan A and Chen, I-How and Newton, Michael A and Dahl, David B and Chen, Meng and Cheng, Yu-Juen and Westra, William H and Chen, Chien-Jen and Hildesheim, Allan and others},
  journal={Cancer research},
  volume={66},
  number={16},
  pages={7999--8006},
  year={2006},
  publisher={AACR}
}
%%%%%%%%%%%%%%%%%%%%%%%%%%%%%%%%%%%%%%%%%%%%%%%%%%%%%%%%%%%%%%%%%%%%%%%%%%%%%%%%%%%%%%%
@article{Shen_etal_2002_JASA,
  title={Nonparametric hypothesis testing for a spatial signal},
  author={Shen, Xiaotong and Huang, Hsin-Cheng and Cressie, Noel},
  journal={Journal of the American Statistical Association},
  volume={97},
  number={460},
  pages={1122--1140},
  year={2002},
  publisher={Taylor \& Francis}
}na
%%%%%%%%%%%%%%%%%%%%%%%%%%%%%%%%%%%%%%%%%%%%%%%%%%%%%%%%%%%%%%%%%%%%%%%%%%%%%%%%%%%%%%%
@article{Simon_etal_2013_JCGS,
  title={A sparse-group lasso},
  author={Simon, Noah and Friedman, Jerome and Hastie, Trevor and Tibshirani, Robert},
  journal={Journal of Computational and Graphical Statistics},
  volume={22},
  number={2},
  pages={231--245},
  year={2013},
  publisher={Taylor \& Francis}
}
%%%%%%%%%%%%%%%%%%%%%%%%%%%%%%%%%%%%%%%%%%%%%%%%%%%%%%%%%%%%%%%%%%%%%%%%%%%%%%%%%%%%%%%
@article{Slaets_etal_2010_JSS,
  title={Warping functional data in R and C via a Bayesian multiresolution approach},
  author={Slaets, Leen and Claeskens, Gerda and Silverman, Bernard},
  journal={FBE Research Report KBI\_1013},
  pages={1--22},
  year={2010}
}
%%%%%%%%%%%%%%%%%%%%%%%%%%%%%%%%%%%%%%%%%%%%%%%%%%%%%%%%%%%%%%%%%%%%%%%%%%%%%%%%%%%%%%%
@article{Srivastava_etal_2011_v2_arXiv,
  title={Registration of functional data using fisher-rao metric},
  author={Srivastava, Anuj and Wu, Wei and Kurtek, Sebastian and Klassen, Eric and Marron, JS},
  journal={arXiv preprint arXiv:1103.3817},
  year={2011}
}
%%%%%%%%%%%%%%%%%%%%%%%%%%%%%%%%%%%%%%%%%%%%%%%%%%%%%%%%%%%%%%%%%%%%%%%%%%%%%%%%%%%%%%%
@article{Stephens_etal_2011_Cell,
  title={Massive genomic rearrangement acquired in a single catastrophic event during cancer development},
  author={Stephens, Philip J and Greenman, Chris D and Fu, Beiyuan and Yang, Fengtang and Bignell, Graham R and Mudie, Laura J and Pleasance, Erin D and Lau, King Wai and Beare, David and Stebbings, Lucy A and others},
  journal={Cell},
  volume={144},
  number={1},
  pages={27--40},
  year={2011},
  publisher={Elsevier}
}
%%%%%%%%%%%%%%%%%%%%%%%%%%%%%%%%%%%%%%%%%%%%%%%%%%%%%%%%%%%%%%%%%%%%%%%%%%%%%%%%%%%%%%%
@article{Szekely_etal_2007_AnnStat,
  title={Measuring and testing dependence by correlation of distances},
  author={Sz{\'e}kely, G{\'a}bor J and Rizzo, Maria L and Bakirov, Nail K and others},
  journal={The Annals of Statistics},
  volume={35},
  number={6},
  pages={2769--2794},
  year={2007},
  publisher={Institute of Mathematical Statistics}
}
%%%%%%%%%%%%%%%%%%%%%%%%%%%%%%%%%%%%%%%%%%%%%%%%%%%%%%%%%%%%%%%%%%%%%%%%%%%%%%%%%%%%%%%
@article{Takac_2014_PhDThesis,
  title={Randomized Coordinate Descent Methods for Big Data Optimization},
  author={Tak{\'a}c, Martin}
}
%%%%%%%%%%%%%%%%%%%%%%%%%%%%%%%%%%%%%%%%%%%%%%%%%%%%%%%%%%%%%%%%%%%%%%%%%%%%%%%%%%%%%%%
@article{Tang_etal_2008_Biometrika,
  title={Pairwise curve synchronization for functional data},
  author={Tang, Rong and M{\"u}ller, Hans-Georg},
  journal={Biometrika},
  volume={95},
  number={4},
  pages={875--889},
  year={2008},
  publisher={Biometrika Trust}
}
%%%%%%%%%%%%%%%%%%%%%%%%%%%%%%%%%%%%%%%%%%%%%%%%%%%%%%%%%%%%%%%%%%%%%%%%%%%%%%%%%%%%%%%
@article{Teague_2012_PhDThesis,
  title={Experimental and computational advances for studying the human genome with optical mapping},
  author={Teague, Brian P and Schwartz, David C (Adviser)},
  year={2012},
  publisher={University of Wisconsin at Madison}
}
%%%%%%%%%%%%%%%%%%%%%%%%%%%%%%%%%%%%%%%%%%%%%%%%%%%%%%%%%%%%%%%%%%%%%%%%%%%%%%%%%%%%%%%
@article{Teague_etal_2010_PNAS,
  title={High-resolution human genome structure by single-molecule analysis},
  author={Teague, Brian and Waterman, Michael S and Goldstein, Steven and Potamousis, Konstantinos and Zhou, Shiguo and Reslewic, Susan and Sarkar, Deepayan and Valouev, Anton and Churas, Christopher and Kidd, Jeffrey M and others},
  journal={Proceedings of the National Academy of Sciences},
  volume={107},
  number={24},
  pages={10848--10853},
  year={2010},
  publisher={National Acad Sciences}
}
%%%%%%%%%%%%%%%%%%%%%%%%%%%%%%%%%%%%%%%%%%%%%%%%%%%%%%%%%%%%%%%%%%%%%%%%%%%%%%%%%%%%%%%
@article{Tian_2010_FrontiersInPsychology,
  title={Functional data analysis in brain imaging studies},
  author={Tian, Tian Siva},
  journal={Frontiers in psychology},
  volume={1},
  year={2010},
  publisher={Frontiers Media SA}
}
%%%%%%%%%%%%%%%%%%%%%%%%%%%%%%%%%%%%%%%%%%%%%%%%%%%%%%%%%%%%%%%%%%%%%%%%%%%%%%%%%%%%%%%
@article{Tibshirani_1996_JRSSB,
  title={Regression shrinkage and selection via the lasso},
  author={Tibshirani, Robert},
  journal={Journal of the Royal Statistical Society. Series B (Methodological)},
  pages={267--288},
  year={1996},
  publisher={JSTOR}
}
%%%%%%%%%%%%%%%%%%%%%%%%%%%%%%%%%%%%%%%%%%%%%%%%%%%%%%%%%%%%%%%%%%%%%%%%%%%%%%%%%%%%%%%
@article{Tuddenham_Snyder_1954-UCPCD,
  title={Physical growth of California boys and girls from birth to eighteen years.},
  author={Tuddenham, Read D and Snyder, Margaret M},
  journal={Publications in child development. University of California, Berkeley},
  volume={1},
  number={2},
  pages={183},
  year={1954}
}
%%%%%%%%%%%%%%%%%%%%%%%%%%%%%%%%%%%%%%%%%%%%%%%%%%%%%%%%%%%%%%%%%%%%%%%%%%%%%%%%%%%%%%%
@book{Valouev_2006_PhDThesis,
  title={Shotgun optical mapping: a comprehensive statistical and computational analysis},
  author={Valouev, Anton},
  year={2006},
  publisher={University of Southern California}
}
%%%%%%%%%%%%%%%%%%%%%%%%%%%%%%%%%%%%%%%%%%%%%%%%%%%%%%%%%%%%%%%%%%%%%%%%%%%%%%%%%%%%%%%
@article{Valouev_etal_2006_JCB,
  title={Alignment of optical maps},
  author={Valouev, Anton and Li, Lei and Liu, Yu-Chi and Schwartz, David C and Yang, Yi and Zhang, Yu and Waterman, Michael S},
  journal={Journal of Computational Biology},
  volume={13},
  number={2},
  pages={442--462},
  year={2006},
  publisher={Mary Ann Liebert, Inc. 2 Madison Avenue Larchmont, NY 10538 USA}
}
%%%%%%%%%%%%%%%%%%%%%%%%%%%%%%%%%%%%%%%%%%%%%%%%%%%%%%%%%%%%%%%%%%%%%%%%%%%%%%%%%%%%%%%
@article{Valouev_etal_2006_PNAS,
  title={An algorithm for assembly of ordered restriction maps from single DNA molecules},
  author={Valouev, Anton and Schwartz, David C and Zhou, Shiguo and Waterman, Michael S},
  journal={Proceedings of the National Academy of Sciences},
  volume={103},
  number={43},
  pages={15770--15775},
  year={2006},
  publisher={National Acad Sciences}
}
%%%%%%%%%%%%%%%%%%%%%%%%%%%%%%%%%%%%%%%%%%%%%%%%%%%%%%%%%%%%%%%%%%%%%%%%%%%%%%%%%%%%%%%
@article{Valouev_etal_2006_BioInfo,
  title={Refinement of optical map assemblies},
  author={Valouev, Anton and Zhang, Yu and Schwartz, David C and Waterman, Michael S},
  journal={Bioinformatics},
  volume={22},
  number={10},
  pages={1217--1224},
  year={2006},
  publisher={Oxford Univ Press}
}
%%%%%%%%%%%%%%%%%%%%%%%%%%%%%%%%%%%%%%%%%%%%%%%%%%%%%%%%%%%%%%%%%%%%%%%%%%%%%%%%%%%%%%%
@article{Vantini_2012_Test,
  title={On the definition of phase and amplitude variability in functional data analysis},
  author={Vantini, Simone},
  journal={Test},
  volume={21},
  number={4},
  pages={676--696},
  year={2012},
  publisher={Springer}
}
%%%%%%%%%%%%%%%%%%%%%%%%%%%%%%%%%%%%%%%%%%%%%%%%%%%%%%%%%%%%%%%%%%%%%%%%%%%%%%%%%%%%%%%
@article{Wang_etal_2011_AOAS,
  title={Random lasso},
  author={Wang, Sijian and Nan, Bin and Rosset, Saharon and Zhu, Ji},
  journal={The annals of applied statistics},
  volume={5},
  number={1},
  pages={468},
  year={2011},
  publisher={NIH Public Access}
}
%%%%%%%%%%%%%%%%%%%%%%%%%%%%%%%%%%%%%%%%%%%%%%%%%%%%%%%%%%%%%%%%%%%%%%%%%%%%%%%%%%%%%%%
@article {Wang_etal_1997_AOS,
    AUTHOR = {Wang, Kongming and Gasser, Theo},
     TITLE = {Alignment of curves by dynamic time warping},
   JOURNAL = {Ann. Statist.},
  FJOURNAL = {The Annals of Statistics},
    VOLUME = {25},
      year = {1997},
    NUMBER = {3},
     PAGES = {1251--1276},
      ISSN = {0090-5364},
   MRCLASS = {62G05 (62H05)},
  MRNUMBER = {1447750 (98e:62071)},
MRREVIEWER = {Wolfgang Polonik},
       DOI = {10.1214/aos/1069362747},
       URL = {http://dx.doi.org/10.1214/aos/1069362747},
}
%%%%%%%%%%%%%%%%%%%%%%%%%%%%%%%%%%%%%%%%%%%%%%%%%%%%%%%%%%%%%%%%%%%%%%%%%%%%%%%%%%%%%%%
@article{Wei_etal_2007_BioInfo,
  title={A Markov random field model for network-based analysis of genomic data},
  author={Wei, Zhi and Li, Hongzhe},
  journal={Bioinformatics},
  volume={23},
  number={12},
  pages={1537--1544},
  year={2007},
  publisher={Oxford Univ Press}
}
%%%%%%%%%%%%%%%%%%%%%%%%%%%%%%%%%%%%%%%%%%%%%%%%%%%%%%%%%%%%%%%%%%%%%%%%%%%%%%%%%%%%%%%
@article{Wu_Srivastava_2014_EJS,
  title={Analysis of spike train data: Alignment and comparisons using the extended Fisher-Rao metric},
  author={Wu, Wei and Srivastava, Anuj and others},
  journal={Electronic Journal of Statistics},
  volume={8},
  number={2},
  pages={1776--1785},
  year={2014},
  publisher={Institute of Mathematical Statistics}
}
%%%%%%%%%%%%%%%%%%%%%%%%%%%%%%%%%%%%%%%%%%%%%%%%%%%%%%%%%%%%%%%%%%%%%%%%%%%%%%%%%%%%%%%
@article{Yuan_2010_JMLR,
  title={High dimensional inverse covariance matrix estimation via linear programming},
  author={Yuan, Ming},
  journal={The Journal of Machine Learning Research},
  volume={11},
  pages={2261--2286},
  year={2010},
  publisher={JMLR. org}
}
%%%%%%%%%%%%%%%%%%%%%%%%%%%%%%%%%%%%%%%%%%%%%%%%%%%%%%%%%%%%%%%%%%%%%%%%%%%%%%%%%%%%%%%
@article{Yuan_etal_2007_Biometrika,
  title={Model selection and estimation in the Gaussian graphical model},
  author={Yuan, Ming and Lin, Yi},
  journal={Biometrika},
  volume={94},
  number={1},
  pages={19--35},
  year={2007},
  publisher={Biometrika Trust}
}
%%%%%%%%%%%%%%%%%%%%%%%%%%%%%%%%%%%%%%%%%%%%%%%%%%%%%%%%%%%%%%%%%%%%%%%%%%%%%%%%%%%%%%%
@article{Zhang_Telesca_2014_arXiv,
  title={Joint Clustering and Registration of Functional Data},
  author={Zhang, Yafeng and Telesca, Donatello},
  journal={arXiv preprint arXiv:1403.7134},
  year={2014}
}
%%%%%%%%%%%%%%%%%%%%%%%%%%%%%%%%%%%%%%%%%%%%%%%%%%%%%%%%%%%%%%%%%%%%%%%%%%%%%%%%%%%%%%%
@article{Zhang_2014_PhDThesis,
  title={Clustering and Registration of Functional Data with Applications in Time Course Genomics Data},
  author={Zhang, Yafeng},
  year={2014}
}
%%%%%%%%%%%%%%%%%%%%%%%%%%%%%%%%%%%%%%%%%%%%%%%%%%%%%%%%%%%%%%%%%%%%%%%%%%%%%%%%%%%%%%%
@article{Zhou_etal_2009_PLOS-Genetics,
  title={A single molecule scaffold for the maize genome},
  author={Zhou, Shiguo and Wei, Fusheng and Nguyen, John and Bechner, Mike and Potamousis, Konstantinos and Goldstein, Steve and Pape, Louise and Mehan, Michael R and Churas, Chris and Pasternak, Shiran and others},
  journal={PLoS genetics},
  volume={5},
  number={11},
  pages={e1000711},
  year={2009},
  publisher={Public Library of Science}
}

%%%%%%%%%%%%%%%%%%%%%%%%%%%%%%%%%%%%%%%%%%%%%%%%%%%%%%%%%%%%%%%%%%%%%%%%%%%%%%%%%%%%%%%
%%%%% R Packages
%%%%%%%%%%%%%%%%%%%%%%%%%%%%%%%%%%%%%%%%%%%%%%%%%%%%%%%%%%%%%%%%%%%%%%%%%%%%%%%%%%%%%%%
%% R package fda
@misc{R-fda,
  title={fda: Functional Data Analysis. R package version 2.2. 6},
  author={Ramsay, JO and Wickham, H and Graves, S and Hooker, G},
  year={2010}
}
%%%%%%%%%%%%%%%%%%%%%%%%%%%%%%%%%%%%%%%%%%%%%%%%%%%%%%%%%%%%%%%%%%%%%%%%%%%%%%%%%%%%%%%
%% R package fdakma
@article{R-fdakma,
  title={fdakma: Functional data analysis: $ k $-mean alignment},
  author={Parodi, A and Patriarca, M and Sangalli, L and Secchi, P and Vantini, S and Vitelli, V},
  journal={R package version},
  volume={1},
  number={1},
  year={2014}
}
%%%%%%%%%%%%%%%%%%%%%%%%%%%%%%%%%%%%%%%%%%%%%%%%%%%%%%%%%%%%%%%%%%%%%%%%%%%%%%%%%%%%%%%
%% R package fdasrvf
@article{R-fdasrvf,
  title={Package ‘fdasrvf’},
  author={Tucker, J Derek},
  year={2015}
}